<?xml version="1.0" encoding="UTF-8"?><collection xmlns="http://www.loc.gov/MARC21/slim"><record><leader>00501nam--2200157-i-4500</leader><controlfield tag="001">000013768</controlfield><controlfield tag="002">20161230</controlfield><controlfield tag="005">20170209165400</controlfield><controlfield tag="008">060222s1000------------r-----000-0-eng-d</controlfield><datafield ind1=" " ind2=" " tag="100"><subfield code="a">Balla, Brunetto</subfield></datafield><datafield ind1=" " ind2=" " tag="245"><subfield code="a">Livellazioni per il controllo della subsidenza nella pianura pisana a sud dell arno e ad est di Pisa</subfield></datafield><datafield ind1=" " ind2=" " tag="260"><subfield code="a">Pisa</subfield><subfield code="b">Facolta Di Ingegneria, Dell Universita</subfield><subfield code="c">1978</subfield></datafield><datafield ind1=" " ind2=" " tag="300"><subfield code="a">73 p</subfield></datafield><datafield ind1=" " ind2=" " tag="490"><subfield code="a">Pubb.Della Facolta, XXXIII Series</subfield></datafield><datafield ind1=" " ind2=" " tag="852"><subfield code="a">352(047.3)</subfield></datafield><datafield ind1=" " ind2=" " tag="CAT"><subfield code="a">SYS</subfield><subfield code="c">20170209</subfield><subfield code="h">165400</subfield></datafield></record></collection>